<?xml version="1.0" encoding="UTF-8"?><record xmlns="http://www.loc.gov/MARC21/slim" xmlns:cinclude="http://apache.org/cocoon/include/1.0" xmlns:zs="http://www.loc.gov/zing/srw/">
  <leader>01305nz  a2200193n  4500</leader>
  <controlfield tag="001">no2012154949</controlfield>
  <controlfield tag="003">DLC</controlfield>
  <controlfield tag="005">20121208075325.0</controlfield>
  <controlfield tag="008">121206n| azannaabn          |n aaa     c</controlfield>
  <datafield tag="010" ind1=" " ind2=" ">
    <subfield code="a">no2012154949</subfield>
  </datafield>
  <datafield tag="035" ind1=" " ind2=" ">
    <subfield code="a">(OCoLC)oca09361207</subfield>
  </datafield>
  <datafield tag="040" ind1=" " ind2=" ">
    <subfield code="a">PPi-MA</subfield>
    <subfield code="b">eng</subfield>
    <subfield code="e">rda</subfield>
    <subfield code="c">PPi-MA</subfield>
  </datafield>
  <datafield tag="100" ind1="1" ind2=" ">
    <subfield code="a">Valitutto, Richard</subfield>
  </datafield>
  <datafield tag="373" ind1=" " ind2=" ">
    <subfield code="a">wild Up (Musical group)</subfield>
    <subfield code="a">gnarwhallaby</subfield>
    <subfield code="a">Joshua Trio</subfield>
  </datafield>
  <datafield tag="374" ind1=" " ind2=" ">
    <subfield code="a">Pianists</subfield>
    <subfield code="a">Music teachers</subfield>
    <subfield code="a">Composers</subfield>
    <subfield code="a">Arrangers (Musicians)</subfield>
    <subfield code="a">Authors</subfield>
    <subfield code="2">lcsh</subfield>
  </datafield>
  <datafield tag="375" ind1=" " ind2=" ">
    <subfield code="a">male</subfield>
  </datafield>
  <datafield tag="378" ind1=" " ind2=" ">
    <subfield code="q">Richard Edward Francis</subfield>
  </datafield>
  <datafield tag="670" ind1=" " ind2=" ">
    <subfield code="a">Rosenboom, D. In the beginning [SR] p2012:</subfield>
    <subfield code="b">insert (Richard Valitutto, piano; soloist, chamber musician, accompanist, teacher, and writer; member of wild Up Modern Music Collective; founding member of gnarwhallaby and the Joshua Trio; studied at University of Cincinnati College-Conservatory of Music and Herb Alpert School of Music at CalArts)</subfield>
  </datafield>
  <datafield tag="670" ind1=" " ind2=" ">
    <subfield code="a">Richard Valitutto WWW site, Dec. 6, 2012:</subfield>
    <subfield code="b">bio (Richard Valitutto; piano soloist, chamber musician, accompanist, teacher, composer/arranger, and writer) c.v. (Richard Edward Francis Valitutto II; M.F.A., multi-focus program in performance, piano/keyboard, California Institute of the Arts, Herb Alpert School of Music, May 2011; B.M., piano performance, University of Cincinnati, College-Conservatory of Music, June 2009)</subfield>
  </datafield>
</record>